%Privacy Requirements
% 1
@inproceedings{EPICUREAN,
  title={Recommender-based privacy requirements elicitation-EPICUREAN: an approach to simplify privacy settings in IoT applications with respect to the GDPR},
  author={Stach, Christoph and Steimle, Frank},
  booktitle={Proceedings of the 34th ACM/SIGAPP Symposium on Applied Computing},
  pages={1500--1507},
  year={2019},
  organization={ACM}
}

%2

%Design Thinking
% 1

%Design Thinking no RE
@inproceedings{Hehn2018,
  doi = {10.1109/re.2018.00074},
  url = {https://doi.org/10.1109/re.2018.00074},
  year = {2018},
  month = aug,
  publisher = {{IEEE}},
  author = {Jennifer Hehn and Falk Uebernickel and Daniel Mendez Fernandez},
  title = {{DT}4RE: Design Thinking for Requirements Engineering: A Tutorial on Human-Centered and Structured Requirements Elicitation},
  booktitle = {2018 {IEEE} 26th International Requirements Engineering Conference ({RE})}
}


% Aqui começam as citações do Fred
%%%%%%%%%%%%%%%%%%%%%%%%%%%%%%%%%%%%%%%%%%%%%%%%%%%%%%%
@incollection{keele2007guidelines,
	title={Guidelines for performing systematic literature reviews in software engineering},
	author={Keele, Staffs},
	booktitle={Technical report, Ver. 2.3 EBSE Technical Report. EBSE},
	year={2007}
}

@article{fang2002government,
  title={E-government in digital era: concept, practice, and development},
  author={Fang, Zhiyuan},
  journal={International journal of the Computer, the Internet and management},
  volume={10},
  number={2},
  pages={1--22},
  year={2002}
}

@article{gronlund2005introducing,
  title={Introducing e-gov: history, definitions, and issues},
  author={Gr{\"o}nlund, {\AA}ke and Horan, Thomas A},
  journal={Communications of the association for information systems},
  volume={15},
  number={1},
  pages={39},
  year={2005}
}

@article{oecd2014,
  title={OECD Recommendation on Digital Government Strategies},
  author={Public Governance Committee},
   url = { http://www.oecd.org/governance/},
  year={2014},
}
 
@article{kane2015strategy,
  title={Strategy, not technology, drives digital transformation},
  author={Kane, Gerald C and Palmer, Doug and Phillips, Anh Nguyen and Kiron, David and Buckley, Natasha},
  journal={MIT Sloan Management Review and Deloitte University Press},
  volume={14},
  year={2015}
}

@article{moura2016politica,
  title={Pol{\'\i}tica de Governan{\c{c}}a Digital Brasileira: em pauta a participa{\c{c}}{\~a}o social e a transpar{\^e}ncia ativa},
  author={Moura, Maria Aparecida},
  journal={Revista {\'A}gora: pol{\'\i}ticas p{\'u}blicas, comunica{\c{c}}{\~a}o e governan{\c{c}}a informacional},
  volume={1},
  number={1},
  pages={121--125},
  year={2016}
}

@article{egd2016,
  title={Estrategia de Governan\ cca Digital (EGD)},
  author={Ministerio do Planejamento, Gestao e Desenvolvimento},
      url = { http://www.planejamento.gov.br/EGD},
  year={2016}
}

@incollection{musafir2018brazilian,
  title={Brazilian e-Government policy and implementation},
  author={Musafir, Valeria Esther Nigri},
  booktitle={International E-Government Development},
  pages={155--186},
  year={2018},
  publisher={Springer}
}

@article{kit,
  title={Kit de Transformacao de Serviços Publicos},
  author={Ministerio do Planejamento, Gestao e Desenvolvimento},
      url = { http://www.planejamento.gov.br/cidadaniadigital/transformacao},
  year={2017}
}
 
@article{kit2018,
  title={Kit de Transformacao de Serviços Publicos},
  author={Ministerio do Planejamento, Gestao e Desenvolvimento},
      url = { http://www.planejamento.gov.br/antigocidadaniadigital/transformacao/arquivos/transformacao-de-servicos-guia-referencial.pdf},
  year={2018}
}

@misc{eggers2016journey,
  title={The journey to government’s digital transformation},
  author={Eggers, WD and Bellman, J},
  year={2016},
  publisher={Deloitte University Press. http://dupress. com/articles/digital-transformation-in-government}
}

@article{corydon2016digital,
  title={Digital by default: A guide to transforming government},
  author={Corydon, B and Ganesan, V and Lundqvist, M},
  journal={New York: McKinsey \& Company},
  year={2016}
}

@misc{daugherty2016accenture,
  title={Accenture Technology Vision 2016--People First: The Primacy of People in a Digital Age, Homepage von Accenture},
  author={Daugherty, Paul and Carrel-Billiard, Marc and Blitz, Michael},
  year={2016}
}

@misc{accenture2014,
  title={Digital Government Pathways to Delivering Public Services for the Future A comparative study of digital government performance across 10 countries},
  author={Bernard Le Masson and Khalid Al-Yahya},
   year={2014},
}

@article{corydon2015,
  title={IT Infrastructure: Pillar of Digital Government},
  author={Christian Hagen and Vipin Gupt},
  year={2015},
}

@article{itac,
  title={ITAC on
Digital Government},
  author={The Government of Canada},
  url={http://itac.ca/wp-content/uploads/2016/03/ITAC-on-Digital-Government-Oct-26-2016.pdf},
  year={2016}
}

@misc{janowski2015digital,
  title={Digital government evolution: From transformation to contextualization},
  author={Janowski, Tomasz},
  year={2015},
  publisher={Elsevier}
}

@article{pereira2017cloud,
  title={Cloud Adoption in Brazil},
  author={Pereira, Jorge and da Silva, Evaldo O and Batista, Thais and Delicato, Fl{\'a}via C and Pires, Paulo F and Khan, Samee U},
  journal={IT Professional},
  volume={19},
  number={2},
  pages={50--56},
  year={2017},
  publisher={IEEE}
}

@article{baskerville2015design,
  title={Design ethnography in information systems},
  author={Baskerville, Richard L and Myers, Michael D},
  journal={Information Systems Journal},
  volume={25},
  number={1},
  pages={23--46},
  year={2015},
  publisher={Wiley Online Library}
}

@inproceedings{coelho2016positioning,
  title={Positioning Brazil in International eGov research: a proposal based from literature review},
  author={Coelho, Taiane Ritta and Przeybilovicz, Erico and Cunha, Maria Alexandra and Echternacht, Tiago Henrique Souza},
  booktitle={System Sciences (HICSS), 2016 49th Hawaii International Conference on},
  pages={2677--2686},
  year={2016},
  organization={IEEE}
}










%%%%%%%%%%%%%%%%%%%%%%%%%%%%%%%%%%%%%%%%%%%%%%%%%%%%%%%%%%%%%%%%%%%%%%%%%%%%%%%%%%%%%%%%%%%%%%%%%%%%%%%%%%%%%%%%%%%%%%%%%%%%%%%%%%%%%%%%%%%%%%%%%%%%%%%%%%%%%%%%%%%%%%%%%%%%%%%%%%%%%%%%%%%%%%%%%%%%%%%%%%%%%%%%%%%%%%%%%%%%%%%%%%Referências de Revisão de Literatura



@article{kitchenham2009systematic,
  title={Systematic literature reviews in software engineering--a systematic literature review},
  author={Kitchenham, Barbara and Brereton, O Pearl and Budgen, David and Turner, Mark and Bailey, John and Linkman, Stephen},
  journal={Information and software technology},
  volume={51},
  number={1},
  pages={7--15},
  year={2009},
  publisher={Elsevier}
}

@article{kitchenham2010systematic,
  title={Systematic literature reviews in software engineering--a tertiary study},
  author={Kitchenham, Barbara and Pretorius, Rialette and Budgen, David and Brereton, O Pearl and Turner, Mark and Niazi, Mahmood and Linkman, Stephen},
  journal={Information and Software Technology},
  volume={52},
  number={8},
  pages={792--805},
  year={2010},
  publisher={Elsevier}
}

@article{petersen2015guidelines,
  title={Guidelines for conducting systematic mapping studies in software engineering: An update},
  author={Petersen, Kai and Vakkalanka, Sairam and Kuzniarz, Ludwik},
  journal={Information and Software Technology},
  volume={64},
  pages={1--18},
  year={2015},
  publisher={Elsevier}
}

@article{zhang2013systematic,
  title={Systematic reviews in software engineering: An empirical investigation},
  author={Zhang, He and Babar, Muhammad Ali},
  journal={Information and Software Technology},
  volume={55},
  number={7},
  pages={1341--1354},
  year={2013},
  publisher={Elsevier}
}

@inproceedings{kitchenham2004evidence,
  title={Evidence-based software engineering},
  author={Kitchenham, Barbara A and Dyba, Tore and Jorgensen, Magne},
  booktitle={Proceedings of the 26th international conference on software engineering},
  pages={273--281},
  year={2004},
  organization={IEEE Computer Society}
}

@inproceedings{budgen2007preliminary,
  title={Preliminary results of a study of the completeness and clarity of structured abstracts.},
  author={Budgen, David and Kitchenham, Barbara and Charters, Stuart M and Turner, Mark and Brereton, Pearl and Linkman, Stephen G},
  booktitle={EASE},
  year={2007}
}

@article{biolchini2005systematic,
  title={Systematic review in software engineering},
  author={Biolchini, Jorge and Mian, Paula Gomes and Natali, Ana Candida Cruz and Travassos, Guilherme Horta},
  journal={System Engineering and Computer Science Department COPPE/UFRJ, Technical Report ES},
  volume={679},
  number={05},
  pages={45},
  year={2005}
}

@article{brereton2007lessons,
  title={Lessons from applying the systematic literature review process within the software engineering domain},
  author={Brereton, Pearl and Kitchenham, Barbara A and Budgen, David and Turner, Mark and Khalil, Mohamed},
  journal={Journal of systems and software},
  volume={80},
  number={4},
  pages={571--583},
  year={2007},
  publisher={Elsevier}
}

@article{kitchenham2004procedures,
  title={Procedures for performing systematic reviews},
  author={Kitchenham, Barbara},
  journal={Keele, UK, Keele University},
  volume={33},
  number={2004},
  pages={1--26},
  year={2004}
}

@article{pai2004systematic,
  title={Systematic reviews and meta-analyses: an illustrated, step-by-step guide.},
  author={Pai, Madhukar and McCulloch, Michael and Gorman, Jennifer D and Pai, Nitika and Enanoria, Wayne and Kennedy, Gail and Tharyan, Prathap and Colford, Jr JM},
  journal={The National medical journal of India},
  volume={17},
  number={2},
  pages={86--95},
  year={2004}
}

@article{wohlin2013systematic,
  title={Systematic literature reviews in software engineering},
  author={Wohlin, Claes and Prikladniki, Rafael},
  journal={Information and Software Technology},
  volume={55},
  number={6},
  pages={919--920},
  year={2013},
  publisher={Butterworth-Heinemann}
}

@article{silva2015using,
  title={Using CMMI together with agile software development: A systematic review},
  author={Silva, Fernando Selleri and Soares, Felipe Santana Furtado and Peres, Angela Lima and de Azevedo, Ivanildo Monteiro and Vasconcelos, Ana Paula LF and Kamei, Fernando Kenji and de Lemos Meira, Silvio Romero},
  journal={Information and Software Technology},
  volume={58},
  pages={20--43},
  year={2015},
  publisher={Elsevier}
}
@book{felizardo2017,
  title={Revisão Sistemática da Literatura em Engenharia de Software: Teoria e Prática},
  author={Felizardo, Kátia Romero and Nakagawa, Elisa Yumi and Fabbri, Sandra Camargo Pinto Ferraz and Ferrari, Fabiano Cutigi},
  year={2017},
  publisher={Elsevier Brasil}
}


@article{dasilva2011six,
  title={Six years of systematic literature reviews in software engineering: An updated tertiary study},
  author={Da SiLVA, Fabio QB and Santos, Andr{\'e} LM and Soares, S{\'e}rgio and Fran{\c{c}}a, A C{\'e}sar C and Monteiro, Cleviton VF and Maciel, Felipe Farias},
  journal={Information and Software Technology},
  volume={53},
  number={9},
  pages={899--913},
  year={2011},
  publisher={Elsevier}
}
@inproceedings{budgen2006performing,
  title={Performing systematic literature reviews in software engineering},
  author={Budgen, David and Brereton, Pearl},
  booktitle={Proceedings of the 28th international conference on Software engineering},
  pages={1051--1052},
  year={2006},
  organization={ACM}
}
%%%%%%%%%%%%%%%%%%%%%%%%%%%%%%%%%%%%%%%%%%%%%%%%%%%%%%%%%%%%%%%%%%%%%%%%%%%%%%%%%%%%%%%%%%%%%%%%%%%%%%%%%%%%%%%%%%%%%%%%%%%%%%%%%%%%%%%%%%%%%%%%%%%%%%%%%%%%%%%%%%%%%%%%%%%%%%%%%%%%%%%%%%%%%%%%%%%%%%%%%%%%%%%%%%%%%%%%%%%%%%Referências de Digitização

@article{simonofski2017reexamining,
  title={Reexamining E-participation: Systematic Literature Review on Citizen Participation in E-government Service Delivery},
  author={Simonofski, Anthony and Snoeck, Monique and Vanderose, Benoit and Crompvoets, Joep and Habra, Naji},
  year={2017}
}

@inproceedings{choi:2013,
 author = {Choi, John (Jong Uk) and Ae Chun, Soon and Kim, Dong Hwa and Keromytis, Angelos},
 title = {SecureGov: Secure Data Sharing for Government Services},
 booktitle = {Proceedings of the 14th Annual International Conference on Digital Government Research},
 series = {dg.o '13},
 year = {2013},
 isbn = {978-1-4503-2057-3},
 location = {Quebec, Canada},
 pages = {127--135},
 numpages = {9},
 url = {http://doi.acm.org/10.1145/2479724.2479745},
 doi = {10.1145/2479724.2479745},
 acmid = {2479745},
 publisher = {ACM},
 address = {New York, NY, USA},
}
@inproceedings{aleksandrov:2015,
 author = {Aleksandrov, Oleg and Dobrolyubova, Elena},
 title = {Public Service Delivery Through Automated Self-Service Kiosks: International Experience and Prospects for Implementation in Russia},
 booktitle = {Proceedings of the 2015 2Nd International Conference on Electronic Governance and Open Society: Challenges in Eurasia},
 series = {EGOSE '15},
 year = {2015},
 isbn = {978-1-4503-4070-0},
 location = {St. Petersburg, Russian Federation},
 pages = {205--210},
 numpages = {6},
 url = {http://doi.acm.org/10.1145/2846012.2846048},
 doi = {10.1145/2846012.2846048},
 acmid = {2846048},
 publisher = {ACM},
 address = {New York, NY, USA},
}

@inproceedings{jain:2015,
 author = {Jain, Vijay and Kumar, Ranjan and Saquib, Zia},
 title = {An Approach Towards Digital Signatures for e-Governance in India},
 booktitle = {Proceedings of the 2015 2Nd International Conference on Electronic Governance and Open Society: Challenges in Eurasia},
 series = {EGOSE '15},
 year = {2015},
 isbn = {978-1-4503-4070-0},
 location = {St. Petersburg, Russian Federation},
 pages = {82--88},
 numpages = {7},
 url = {http://doi.acm.org/10.1145/2846012.2846014},
 doi = {10.1145/2846012.2846014},
 acmid = {2846014},
 publisher = {ACM},
 address = {New York, NY, USA},
 keywords = {Asymmetric Cryptography using Mobiles, Cloud Computing, Cloud Digital Signature, Cryptography, Digital India, Digital Signing, Mobile Digital Signature, One Time PKI, Transaction based Digital Signature},
}

@inproceedings{misra:2017,
 author = {Misra, Deepak Chandra and Sethi, Inder Pal Singh and Gupta, Om Pradyumana},
 title = {Reconciliation of e-Governance Transaction Through eTaal},
 booktitle = {Proceedings of the Special Collection on eGovernment Innovations in India},
 series = {ICEGOV '17},
 year = {2017},
 isbn = {978-1-4503-4930-7},
 location = {New Delhi AA, India},
 pages = {92--98},
 numpages = {7},
 url = {http://doi.acm.org/10.1145/3055219.3055222},
 doi = {10.1145/3055219.3055222},
 acmid = {3055222},
 publisher = {ACM},
 address = {New York, NY, USA},
 keywords = {Aggregate, Data Reconciliation, e-Governance, e-Services, e-Transactions},
}

@inproceedings{bokhari:2010,
 author = {Bokhari, Hasnain},
 title = {Multi-channel Electronic Public Service Delivery Mechanisms in Developing Countries: A Case Study of the eSahulat Programme in Pakistan},
 booktitle = {Proceedings of the 4th International Conference on Theory and Practice of Electronic Governance},
 series = {ICEGOV '10},
 year = {2010},
 isbn = {978-1-4503-0058-2},
 location = {Beijing, China},
 pages = {243--248},
 numpages = {6},
 url = {http://doi.acm.org/10.1145/1930321.1930372},
 doi = {10.1145/1930321.1930372},
 acmid = {1930372},
 publisher = {ACM},
 address = {New York, NY, USA},
 keywords = {G2C, developing countries, eSahulat, egovernment, eservices},
}

@inproceedings{ara:2017,
 author = {S., Yosua Grandy Ara and Suzianti, Amalia},
 title = {Analysis of Technology Adoption for Real-time Aspiration Delivery System},
 booktitle = {Proceedings of the 3rd International Conference on Communication and Information Processing},
 series = {ICCIP '17},
 year = {2017},
 isbn = {978-1-4503-5365-6},
 location = {Tokyo, Japan},
 pages = {516--520},
 numpages = {5},
 url = {http://doi.acm.org/10.1145/3162957.3162983},
 doi = {10.1145/3162957.3162983},
 acmid = {3162983},
 publisher = {ACM},
 address = {New York, NY, USA},
 keywords = {crowdsourcing, smart city, task-technology fit, technology adoption life cycle, unified theory of acceptance and use of technology},
}

@INPROCEEDINGS{xu:2010, 
author={S. Xu and Y. Zhao and F. Zhu}, 
booktitle={2010 18th International Conference on Geoinformatics}, 
title={Research of multi-level data exchange mechanism based on Land and Resource E-government}, 
year={2010}, 
volume={}, 
number={}, 
pages={1-5}, 
doi={10.1109/GEOINFORMATICS.2010.5568021}, 
ISSN={2161-024X}, 
month={June},}

@article{shareef16,
  author    = {Mahmud Akhter Shareef and
               Yogesh Kumar Dwivedi and
               Vinod Kumar and
               Uma Kumar},
  title     = {Reformation of public service to meet citizens' needs as customers:
               Evaluating {SMS} as an alternative service delivery channel},
  journal   = {Computers in Human Behavior},
  volume    = {61},
  pages     = {255--270},
  year      = {2016}
}
@inproceedings{brito14,
  author    = {Kellyton dos Santos Brito and
               Marcos Ant{\^{o}}nio da Silva Costa and
               Vinicius Cardoso Garcia and
               Silvio Romero de Lemos Meira},
  title     = {Experiences Integrating Heterogeneous Government Open Data Sources
               to Deliver Services and Promote Transparency in Brazil},
  booktitle = {{COMPSAC}},
  pages     = {606--607},
  publisher = {{IEEE} Computer Society},
  year      = {2014}
}
@inproceedings{drigas09,
  author    = {Athanasios Drigas and
               Leyteris Koukianakis},
  title     = {Government Online: An E-Government Platform to Improve Public Administration
               Operations and Services Delivery to the Citizen},
  booktitle = {{WSKS} {(1)}},
  series    = {Lecture Notes in Computer Science},
  volume    = {5736},
  pages     = {523--532},
  publisher = {Springer},
  year      = {2009}
}

@inproceedings{stadlhofer07,
  author    = {Bernd Stadlhofer and
               Peter Salhofer},
  title     = {Automatic generation of e-government forms from semantic descriptions},
  booktitle = {{ICEGOV}},
  series    = {{ACM} International Conference Proceeding Series},
  volume    = {232},
  pages     = {12--19},
  publisher = {{ACM}},
  year      = {2007}
}
@inproceedings{pieterson17,
  author    = {Willem Pieterson and
               Wolfgang Ebbers and
               Christian {\O}stergaard Madsen},
  title     = {New Channels, New Possibilities: {A} Typology and Classification of
               Social Robots and Their Role in Multi-channel Public Service Delivery},
  booktitle = {{EGOV}},
  series    = {Lecture Notes in Computer Science},
  volume    = {10428},
  pages     = {47--59},
  publisher = {Springer},
  year      = {2017}
}
@inproceedings{yuan:2017,
 author = {Yuan, Qianli and Gasco, Mila},
 title = {Citizens' Use of Microblogging During Emergency: A Case Study on Water Contamination in Shanghai},
 booktitle = {Proceedings of the 18th Annual International Conference on Digital Government Research},
 series = {dg.o '17},
 year = {2017},
 isbn = {978-1-4503-5317-5},
 location = {Staten Island, NY, USA},
 pages = {110--119},
 numpages = {10},
 url = {http://doi.acm.org/10.1145/3085228.3085306},
 doi = {10.1145/3085228.3085306},
 acmid = {3085306},
 publisher = {ACM},
 address = {New York, NY, USA},
 keywords = {Citizen Participation, Emergency Management, Microblogging},
}
@inproceedings{akram:2012,
 author = {Akram, Muhammad Shakaib and Malik, Aneela},
 title = {Evaluating Citizens' Readiness to Embrace e-Government Services},
 booktitle = {Proceedings of the 13th Annual International Conference on Digital Government Research},
 series = {dg.o '12},
 year = {2012},
 isbn = {978-1-4503-1403-9},
 location = {College Park, Maryland, USA},
 pages = {58--67},
 numpages = {10},
 url = {http://doi.acm.org/10.1145/2307729.2307740},
 doi = {10.1145/2307729.2307740},
 acmid = {2307740},
 publisher = {ACM},
 address = {New York, NY, USA},
 keywords = {D\&M updated IS success model, e-government adoption, technology acceptance model, trust},
}

@inproceedings{bertot2016digital,
  title={Digital public service innovation: Framework proposal},
  author={Bertot, John Carlo and Estevez, Elsa and Janowski, Tomasz},
  booktitle={Proceedings of the 9th International Conference on Theory and Practice of Electronic Governance},
  pages={113--122},
  year={2016},
  organization={ACM}
}

@inproceedings{bertot:2012,
  author    = {John Carlo Bertot and
               Paul T. Jaeger and
               Ursula Gorham and
               Natalie N. Greene and
               Ruth Lincoln},
  title     = {Delivering e-government services through innovative partnerships:
               public libraries, government agencies, and community organizations},
  booktitle = {{DG.O}},
  pages     = {126--134},
  publisher = {{ACM}},
  year      = {2012}
}

@article{fang2002government,
  title={E-government in digital era: concept, practice, and development},
  author={Fang, Zhiyuan},
  journal={International journal of the Computer, the Internet and management},
  volume={10},
  number={2},
  pages={1--22},
  year={2002}
}
@article{gronlund2005introducing,
  title={Introducing e-gov: history, definitions, and issues},
  author={Gr{\"o}nlund, {\AA}ke and Horan, Thomas A},
  journal={Communications of the association for information systems},
  volume={15},
  number={1},
  pages={39},
  year={2005}
}

@article{kane2015strategy,
  title={Strategy, not technology, drives digital transformation},
  author={Kane, Gerald C and Palmer, Doug and Phillips, Anh Nguyen and Kiron, David and Buckley, Natasha},
  journal={MIT Sloan Management Review and Deloitte University Press},
  volume={14},
  year={2015},
}

@article{plataforma,
  title={Plataforma de Cidadania Digital - Decreto N. 8.936 de 19 de dezembro de 2016},
  author={Presidencia da Republica do Brasil},
      url = { http://www.planalto.gov.br/ccivil_03/_ato2015-2018/2016/decreto/D8936.htm},
  year={2016}
 }
  @article{coletti2016,
  title={Standard cost model},
  author={Coletti, Paola},
  journal={Handbook of Regulatory Impact Assessment},
  pages={93},
  year={2016},
  publisher={Edward Elgar Publishing}
}
  @article{gartner,
  title={Government Portals Are Evolving to Enable Digital Government},
  author={Glenn Archer},
  journal={Gartner},
  url = { https://www.gartner.com/doc/2995021/government-portals-evolving-enable-digital},
  year={2015},
  }

@article{kitchenham2008personal,
  title={Personal opinion surveys},
  author={Kitchenham, Barbara A and Pfleeger, Shari L},
  journal={Guide to Advanced Empirical Software Engineering},
  pages={63--92},
  year={2008},
  publisher={Springer}
}

@inproceedings{colineau:2011,
  author    = {Nathalie Colineau and
               C{\'{e}}cile Paris and
               Keith Vander Linden},
  title     = {Automatically generating citizen-focused brochures for public administration},
  booktitle = {{DG.O}},
  series    = {{ACM} International Conference Proceeding Series},
  pages     = {10--19},
  publisher = {Digital Government Research Center},
  year      = {2011}
}

@article{cordella:2015,
  author    = {Antonio Cordella and
               Niccol{\'{o}} Tempini},
  title     = {E-government and organizational change: Reappraising the role of {ICT}
               and bureaucracy in public service delivery},
  journal   = {Government Information Quarterly},
  volume    = {32},
  number    = {3},
  pages     = {279--286},
  year      = {2015}
}

@inproceedings{omar:2016,
 author = {Omar, Amizan and Weerakkody, Vishanth and Millard, Jeremy},
 title = {Digital-enabled Service Transformation in Public Sector: Institutionalization As a Product of Interplay Between Actors and Structures During Organisational Change},
 booktitle = {Proceedings of the 9th International Conference on Theory and Practice of Electronic Governance},
 series = {ICEGOV '15-16},
 year = {2016},
 isbn = {978-1-4503-3640-6},
 location = {Montevideo, Uruguay},
 pages = {305--312},
 numpages = {8},
 url = {http://doi.acm.org/10.1145/2910019.2910080},
 doi = {10.1145/2910019.2910080},
 acmid = {2910080},
 publisher = {ACM},
 address = {New York, NY, USA},
}

@inproceedings{puronCid:2017,
 author = {Puron-Cid, G.},
 title = {From Technology to Social Development: Applying a Public Value Perspective to Digital Government in Local Governments in Mexico},
 booktitle = {Proceedings of the 18th Annual International Conference on Digital Government Research},
 series = {dg.o '17},
 year = {2017},
 isbn = {978-1-4503-5317-5},
 location = {Staten Island, NY, USA},
 pages = {336--345},
 numpages = {10},
 url = {http://doi.acm.org/10.1145/3085228.3085272},
 doi = {10.1145/3085228.3085272},
 acmid = {3085272},
 publisher = {ACM},
 address = {New York, NY, USA},
 keywords = {Digital Government, Efficiency, Local Government, Participation, Public Value, Quality, Transparency},
}
@article{corradini:2010,
  author    = {Flavio Corradini and
               Andrea Polini and
               Alberto Polzonetti and
               Barbara Re},
  title     = {Business Processes Verification for e-Government Service Delivery},
  journal   = {{IS} Management},
  volume    = {27},
  number    = {4},
  pages     = {293--308},
  year      = {2010}
}

@inproceedings{DBLP:conf/hicss/Thiel16,
  author    = {Lea Thiel},
  title     = {The Interplay between E-Government Service Adoption Preferences and
               E-Government Service Delivery in Germany},
  booktitle = {{HICSS}},
  pages     = {2913--2922},
  publisher = {{IEEE} Computer Society},
  year      = {2016}
}

@inproceedings{bannore:2016,
 author = {Bannore, Aparna and Devane, Satish R.},
 title = {Use of Proxy Signature in e-Governance},
 booktitle = {Proceedings of the Second International Conference on Information and Communication Technology for Competitive Strategies},
 series = {ICTCS '16},
 year = {2016},
 isbn = {978-1-4503-3962-9},
 location = {Udaipur, India},
 pages = {82:1--82:6},
 articleno = {82},
 numpages = {6},
 acmid = {2905141},
 publisher = {ACM},
 address = {New York, NY, USA},
}

@inproceedings{nielsen:2017,
 author = {Nielsen, Morten Meyerhoff},
 title = {eGovernance and Online Service Delivery in Estonia},
 booktitle = {Proceedings of the 18th Annual International Conference on Digital Government Research},
 series = {dg.o '17},
 year = {2017},
 isbn = {978-1-4503-5317-5},
 location = {Staten Island, NY, USA},
 pages = {300--309},
 numpages = {10},
 acmid = {3085284},
 publisher = {ACM},
 address = {New York, NY, USA},
}

@inproceedings{marzoukiGeo:2017,
 author = {Marzouki, A. and Lafrance, F. and Daniel, S. and Mellouli, S.},
 title = {The Relevance of Geovisualization in Citizen Participation Processes},
 booktitle = {Proceedings of the 18th Annual International Conference on Digital Government Research},
 series = {dg.o '17},
 year = {2017},
 isbn = {978-1-4503-5317-5},
 location = {Staten Island, NY, USA},
 pages = {397--406},
 numpages = {10},
 acmid = {3085240},
 publisher = {ACM},
 address = {New York, NY, USA},
}
@inproceedings{yuzhakov:2014,
 author = {Yuzhakov, V., et al.},
 title = {On the way to service-oriented state: citizen satisfaction with public services},
 booktitle = {Ekomonicheskaya Politika},
 year = {2014},
}

@article{pereira:2017,
  author    = {Gabriela Viale Pereira and
               Marie Anne Macadar and
               Edimara M. Luciano and
               Maur{\'{\i}}cio Gregianin Testa},
  title     = {Delivering public value through open government data initiatives in
               a Smart City context},
  journal   = {Information Systems Frontiers},
  volume    = {19},
  number    = {2},
  pages     = {213--229},
  year      = {2017}
}

@inproceedings{ma:2016,
 author = {Ma, Liang and Zheng, Yueping},
 title = {Good Wine Needs Bush: A Multilevel Analysis of National E-Government Performance and Citizen Use Across European Countries},
 booktitle = {Proceedings of the 17th International Digital Government Research Conference on Digital Government Research},
 series = {dg.o '16},
 year = {2016},
 isbn = {978-1-4503-4339-8},
 location = {Shanghai, China},
 pages = {184--193},
 numpages = {10},
 acmid = {2912166},
 publisher = {ACM},
 address = {New York, NY, USA},
}

@INPROCEEDINGS{teixeira:2011, 
author={J. G. de Almeida Teixeira Filho and H. P. de Moura}, 
booktitle={2011 Proceedings of PICMET '11: Technology Management in the Energy Smart World (PICMET)}, 
title={MMPE-SI/TI (Gov) - Model to assess the maturity level of the IS/IT strategic planning of Brazilian governmental organizations}, 
year={2011}, 
pages={1-10}, 
ISSN={2159-5100}, 
month={July},}

@article{horne2009,
  title={Co-production in public services: a new partnership with citizens},
  author={Horne, Matthew and Shirley, Tom},
  journal={London: Cabinet Office},
  year={2009}
}
@inproceedings{linders:2011,
 author = {Linders, Dennis},
 title = {We-Government: An Anatomy of Citizen Coproduction in the Information Age},
 booktitle = {Proceedings of the 12th Annual International Digital Government Research Conference: Digital Government Innovation in Challenging Times},
 series = {dg.o '11},
 year = {2011},
  location = {College Park, Maryland, USA},
 pages = {167--176},
 numpages = {10},
 acmid = {2037581},
 publisher = {ACM},
 address = {New York, NY, USA},
}

@inproceedings{valle-Cruz:2016,
 author = {Valle-Cruz, David},
 title = {Dynamic Interaction Between Emerging Technologies and Organizational Factors in Government Agencies},
 booktitle = {Proceedings of the 9th International Conference on Theory and Practice of Electronic Governance},
 series = {ICEGOV '15-16},
 year = {2016},
 isbn = {978-1-4503-3640-6},
 location = {Montevideo, Uruguay},
 pages = {428--431},
 numpages = {4},
 acmid = {2910096},
 publisher = {ACM},
 address = {New York, NY, USA},
}

@inproceedings{boudjelida:2016,
 author = {Boudjelida, Abdelhamid and Mellouli, Sehl},
 title = {A Multidimensional Analysis Approach For Electronic Citizens Participation},
 booktitle = {Proceedings of the 17th International Digital Government Research Conference on Digital Government Research},
 series = {dg.o '16},
 year = {2016},
 isbn = {978-1-4503-4339-8},
 location = {Shanghai, China},
 pages = {49--57},
 numpages = {9},
 acmid = {2912195},
 publisher = {ACM},
 address = {New York, NY, USA},
}
@inproceedings{lagzian:2014,
  author    = {Mohammad Lagzian and
               Mahmoud Pourbagheri},
  title     = {An investigation into affecting factors on acceptance of e-government
               service counters as a service delivery channel: a case of developing
               country},
  booktitle = {{ICEGOV}},
  pages     = {11--19},
  publisher = {{ACM}},
  year      = {2014}
}

@inproceedings{alloghani:2017,
 author = {Alloghani, M. and Hussain, A. and Al-Jumeily, D. and Aljaaf, A. J. and Mustafina, J.},
 title = {Gamification in e-Governance: Development of an Online Gamified System to Enhance Government Entities Services Delivery and Promote Public's Awareness},
 booktitle = {Proceedings of the 5th International Conference on Information and Education Technology},
 series = {ICIET '17},
 year = {2017},
 isbn = {978-1-4503-4803-4},
 location = {Tokyo, Japan},
 pages = {176--181},
 numpages = {6},
 acmid = {3029388},
 publisher = {ACM},
 address = {New York, NY, USA},
}

@inproceedings{kauppinen:2016,
 author = {Kauppinen, Sami and Luojus, Satu and Lahti, Janne},
 title = {Involving Citizens in Open Innovation Process by Means of Gamification: The Case of WeLive},
 booktitle = {Proceedings of the 9th Nordic Conference on Human-Computer Interaction},
 series = {NordiCHI '16},
 year = {2016},
 isbn = {978-1-4503-4763-1},
 location = {Gothenburg, Sweden},
 pages = {23:1--23:4},
 articleno = {23},
 numpages = {4},
 acmid = {2971526},
 publisher = {ACM},
 address = {New York, NY, USA},
}

@inproceedings{qian:2010,
  author    = {Haiyan Qian},
  title     = {Global perspectives on e-governance: from government-driven to citizen-centric
               public service delivery},
  booktitle = {{ICEGOV}},
  series    = {{ACM} International Conference Proceeding Series},
  volume    = {444},
  pages     = {1--8},
  publisher = {{ACM}},
  year      = {2010}
}

@inproceedings{vaezi:2008,
 author = {Vaezi, Seyed Kamal},
 title = {Measurement and Evaluating Frameworks in Electronic Government Quality Management},
 booktitle = {Proceedings of the 2Nd International Conference on Theory and Practice of Electronic Governance},
 series = {ICEGOV '08},
 year = {2008},
 pages = {160--165},
 numpages = {6},
  publisher = {ACM},
 address = {New York, NY, USA},
}

@book{wazlawick2017,
  title={Metodologia de pesquisa para ci{\^e}ncia da computa{\c{c}}{\~a}o},
  author={Wazlawick, Raul},
  volume={2},
  year={2017},
  publisher={Elsevier Brasil}
}
@article{nations2014united,
  title={United Nations E-Government Survey 2014: E-Government for the future we want},
  author={Nations, U},
  journal={United Nations Department of economic and social affairs},
  year={2014}
}

@book{paim2009gestao,
  title={Gest{\~a}o de processos: pensar, agir e aprender},
  author={Paim, Rafael and Cardoso, Vin{\'\i}cius and Caulliraux, Heitor and Clemente, Rafael},
  
  year={2009},
  publisher={Bookman Editora}
}

@Book{pressman,
  author = 	 {Roger S. Pressman, Bruce R. Maxim },
  title = 	 {Engenharia de software - Uma abordagem profissional},
  
  publisher = 	 {Mcgraw Hill},
  year = 	 {2016},
  edition = 	 {8th}
}

@Book{machado,
  author = 	 {Felipe Nery R. Machado},
  title = 	 {Análise e gestão de Requisitos: onde nascem os
sistemas},
  publisher = 	 {Érica},
  year = 	 {2016},
  edition = 	 {3th}
}

@Book{kniberg,
  author = 	 {Henrik Kniberg},
  title = 	 {SCRUM e XP direto das trincheiras},
  publisher = 	 {InfoQ},
  year = 	 {2007},
  edition = 	 {1th}
}

@article{luizeduardo,
  author =       "Luiz Eduardo Galvão Martins",
  title =        "Uma Metodologia de Elicitação de Requisitos de Software Baseada na Teoria da Atividade",
  year =         "2001",
}

@article{nosheen,
  author =       "Nosheen Sabahat, Faiza Iqbal, Farooque Azam, Muhammad Younus Javed",
  title =        "An Iterative Approach for Global Requirements Elicitation: A Case Study Analysis",
  journal =      " International Conference on Electronics and Information Engineering (ICEIE 2010)",
  year =         "2010",
}

@article{sandino,
  author =       "Diego Sandino, Luis M. Matey, Gorka Vélez",
  title =        "Design Thinking Methodology for the Design of 
Interactive Real-Time Applications",
  journal =      " International Conference on Electronics and Information Engineering (ICEIE 2015)",
  year =         "2015",
}

@article{nguyen,
  author =       "Lemai Nguyen, Graeme Shanks",
  title =        "A framework for understanding creativity in requirements engineering",
  journal =      "Elsevier",
  year =         "2008",
}

@article{hickey,
  author =       "Ann M. Hickey, Alan M. Davis",
  title =        "A  Unified  Model  of Requirements Elicitation",
  journal =      "Jstor",
  year =         "2015",
}

@article{shalinka,
  author =       "Shalinka Jayatilleke, Richard Lai",
  title =        "A systematic review of requirements change management",
  journal =      "Elsevier",
  year =         "2017",
}

@article{yenting,
  author =       "Yen-Ting Lin, Wenbo Cai, Edward Huang",
  title =        "A Game Theory Perspective on Requirement-Based Engineering Design",
  journal =      "Springer",
  year =         "2018",
}

@article{Hotomski,
  author =       "Sofija Hotomski, Eya Ben Charrada, Martin Glinz",
  title =        "Keeping Evolving Requirements and Acceptance Tests Aligned with Automatically Generated Guidance",
  journal =      "Springer",
  year =         "2018",
}

@article{kitchenham,
  author =       "Barbara Kitchenham",
  title =        "Procedures for Performing Systematic Reviews",
  journal =      "UFSC",
  year =         "2004",
}

@Book{angelo,
  author = 	 {Gabriel Angelo},
  title = 	 {Rapport: The Art of Connecting with People and Building Relationships},
  publisher = 	 {Amazon},
  year = 	 {2015},
  edition = 	 {1th}
}

@Book{lockwood,
  author = 	 {Thomas Lockwood, Edgar Papke},
  title = 	 {Innovation by Design: How Any Organization Can Leverage Design Thinking to Produce Change, Drive New Ideas, and Deliver Meaningful Solutions},
  publisher = 	 {Career Press},
  year = 	 {2017},
  edition = 	 {1th}
}

@article{ciriello,
  author =       "Raffaele F. Ciriello, Alexander Richter, Gerhard Schwabe",
  title =        "When Prototyping Meets Storytelling",
  journal =      "39th International Conference on Software Engineering",
  year =         "2017",
}

@article{lucassen,
  author =       "Garm Lucassen, Fabiano Dalpiaz, Jan Martijn E. M. van der Werf, Sjaak Brinkkemper",
  title =        "Improving agile requirements: the Quality User Story framework and tool",
  journal =      "Springer",
  year =         "2016",
}

@article{manifestoagil,
  title={Manifesto for Agile Software Development},
  author={Mike Beedle, Arie van Bennekum, Alistair Cockburn, Ward Cunningham, Martin Fowler, Jim Highsmith, Andrew Hunt, Ron Jeffries, Jon Kern, Brian Marick, Robert C. Martin, Ken Schwaber, Jeff Sutherland, Dave Thomas},
  url={http://agilemanifesto.org/},
  year={2018}
}

@Book{vasquez,
  author = 	 {Carlos Eduardo Vazquez, Guilherme Siqueira Simões},
  title = 	 {Engenharia de Requisitos: software orientado ao negócio},
  publisher = 	 {Brasport},
  year = 	 {2016},
  edition = 	 {1th}
}

@article{christel,
  title={Issues in Requirements Elicitation},
  author={Michael G. Christel, Kyo C. Kang},
  journal =      "Carnegie Mellon University",
  year =         "1992",
}

@article{santos2019elaboraccao,
  title={ELABORA{\c{C}}{\~A}O DO PLANEJAMENTO ESTRAT{\'E}GICO NO INSTITUTO FEDERAL DE MATO GROSSO/CAMPUS AVAN{\c{C}}ADO TANGAR{\'A} DA SERRA},
  author={Santos, Joseano Lira and Gomes, Alessandra Nunes and Scudeler, Andr{\'e} Luis and Vieira, Felipe Guedes Moreira and de Lima, N{\'\i}colas da Silva and Pareci, Thayn{\'a}ra Orrana Pereira},
  journal={Revista Estudos e Pesquisas em Administra{\c{c}}{\~a}o},
  volume={3},
  number={1},
  pages={112--120},
  year={2019}
}

@article{mesquita2018inteligencia,
  title={Intelig{\^e}ncia Estrat{\'e}gica e Design Thinking: Conceitos Complementares, Sequenciais e Recorrentes para Estrat{\'e}gia Inovativa.},
  author={Mesquita Reche, Marcelo and Janissek-Muniz, Raquel},
  journal={Future Studies Research Journal: Trends \& Strategies},
  volume={10},
  number={1},
  year={2018}
}

@article{da2018design,
  title={O Design SPRINT como ferramenta para engajamento da equipe: um estudo de caso},
  author={da Silva, Elton Jos{\'e}},
  journal={Human Factors in Design},
  volume={7},
  number={13},
  pages={191--202},
  year={2018}
}

@article{costoiu2016environmental,
  title={ENVIRONMENTAL PERFORMANCE INDICATORS FOR DECISION MAKING AND STAKEHOLDER INTERESTS.},
  author={Costoiu, Mihnea and Ioana, Adrian and Semenescu, Augustin and Constantin, Nicolae and Florea, Bogdan and Rucai, Valeriu and Dobrescu, Cristian and Polifroni, Massimo and P{\u{a}}unescu, Lucian},
  journal={Environmental Engineering \& Management Journal (EEMJ)},
  volume={15},
  number={10},
  year={2016}
}

@inproceedings{wang2016practical,
  title={A practical guide to select quality indicators for assessing pareto-based search algorithms in search-based software engineering},
  author={Wang, Shuai and Ali, Shaukat and Yue, Tao and Li, Yan and Liaaen, Marius},
  booktitle={2016 IEEE/ACM 38th International Conference on Software Engineering (ICSE)},
  pages={631--642},
  year={2016},
  organization={IEEE}
}

@inproceedings{marforio2016evaluation,
  title={Evaluation of personalized security indicators as an anti-phishing mechanism for smartphone applications},
  author={Marforio, Claudio and Jayaram Masti, Ramya and Soriente, Claudio and Kostiainen, Kari and {\v{C}}apkun, Srdjan},
  booktitle={Proceedings of the 2016 CHI Conference on Human Factors in Computing Systems},
  pages={540--551},
  year={2016},
  organization={ACM}
}

@article{bertoni2017systematic,
  title={A systematic review of value metrics for PSS design},
  author={Bertoni, Marco and Rondini, Alice and Pezzotta, Giuditta},
  journal={Procedia CIRP},
  volume={64},
  pages={289--294},
  year={2017},
  publisher={Elsevier}
}

@article{fadel2010ondas,
  title={As ondas de inova{\c{c}}{\~a}o tecnol{\'o}gica},
  author={FADEL, Barb{\'a}ra and de MORAES, C{\'a}ssia Regina Bassan},
  journal={FACEF Pesquisa-Desenvolvimento e Gest{\~a}o},
  volume={8},
  number={1},
  pages={1--7},
  year={2010}
}

@article{canedodesign,
  title={Design Thinking como Ferramenta de Inova{\c{c}}{\~a}o para os Educadores},
  year={2018},
  journal={Nuevas Ideas en Inform{\'a}tica Educativa TISE},
  author={Canedo, Edna Dias and Almeida, Frederico Viana}
}

@inproceedings{kumar2017design,
  title={DESIGN THINKING FOR INNOVATION: HOW CREATIVITY CAN SOLVE OUR BIGGEST PROBLEMS},
  author={Kumar, Nikkita Mahato},
  booktitle={Allied Academies International Conference. Academy of Management Information and Decision Sciences. Proceedings},
  address    = {London UK},
  volume={21},
  pages={21},
  year={2017},
  Publisher={Allied Academies International Conference},
  organization={Jordan Whitney Enterprises, Inc}
}

@article{snowden2007leader,
  title={A leader's framework for decision making},
  author={Snowden, David J and Boone, Mary E},
  journal={Harvard business review},
  volume={85},
  number={11},
  pages={68},
  year={2007}
}

@article{sanchez2017case,
  title={A case study about the improvement of business process models driven by indicators},
  author={S{\'a}nchez-Gonz{\'a}lez, Laura and Garc{\'\i}a, F{\'e}lix and Ruiz, Francisco and Piattini, Mario},
  journal={Software \& Systems Modeling},
  volume={16},
  number={3},
  pages={759--788},
  year={2017},
  publisher={Springer}
}

@inproceedings{qiao2018empirical,
  title={An empirical study on software aging indicators prediction in Android mobile},
  author={Qiao, Yu and Zheng, Zheng and Fang, YunYu},
  booktitle={2018 IEEE International Symposium on Software Reliability Engineering Workshops (ISSREW)},
  pages={271--277},
  year={2018},
  organization={IEEE}
}

@book{tidd2015gestao,
  title={Gest{\~a}o da inova{\c{c}}{\~a}o-5},
  author={Tidd, Joe and Bessant, Joe},
  year={2015},
  publisher={Bookman Editora}
}

@article{da2017proposta,
  title={Proposta de Metodologia para o Ensino e o Desenvolvimento de Jogos Digitais Baseada em Design Thinking/A Methodology Proposal for Education and Development of Games Based on Design Thinking},
  author={da Silva, Isabel C Siqueira and Bittencourt, Jo{\~a}o R},
  journal={Revista Educa{\c{c}}{\~a}o Gr{\'a}fica},
  volume={21},
  pages={01--20},
  number={1},
  year={2017},
}

@article{memoria2004breve,
  title={Breve hist{\'o}ria da estat{\'\i}stica.},
  author={Mem{\'o}ria, Jos{\'e} Maria Pompeu},
  journal={{\'A}rea de Informa{\c{c}}{\~a}o da Sede-Texto para Discuss{\~a}o (ALICE)},
  year={2004},
  publisher={Bras{\'\i}lia, DF: Embrapa Informa{\c{c}}{\~a}o Tecnol{\'o}gica: Embrapa-Secretaria de Gest{\~a}o e~…}
}

@book{schwab2019quarta,
  title={A quarta revolu{\c{c}}{\~a}o industrial},
  author={Schwab, Klaus},
  year={2019},
  publisher={Edipro}
}

@article{gonccalves2000empresas,
  title={As empresas s{\~a}o grandes cole{\c{c}}{\~o}es de processos},
  author={Gon{\c{c}}alves, Jos{\'e} Ernesto Lima},
  journal={Revista de administra{\c{c}}{\~a}o de empresas},
  volume={40},
  number={1},
  pages={6--9},
  year={2000},
  publisher={SciELO Brasil}
}

@article{shahin2007prioritization,
  title={Prioritization of key performance indicators: An integration of analytical hierarchy process and goal setting},
  author={Shahin, Arash and Mahbod, M Ali},
  journal={International Journal of Productivity and Performance Management},
  volume={56},
  number={3},
  pages={226--240},
  year={2007},
  publisher={Emerald Group Publishing Limited}
}

@article{kozak2006relationship,
  title={Relationship between customer satisfaction and loyalty},
  author={Kozak, M and Beaman, J},
  journal={Tourism Analysis},
  volume={11},
  number={6},
  pages={397--409},
  year={2006}
}

@article{de2010processo,
  title={O processo de implanta{\c{c}}{\~a}o do Balanced Scorecard em uma empresa estatal brasileira: o caso Petrobras},
  author={de Almeida Filgueiras, Aline and de Souza Barros, Luana Paula and Gomes, Josir Simeone},
  journal={REGE Revista de Gest{\~a}o},
  volume={17},
  number={1},
  pages={45--57},
  year={2010}
}

@article{sanchez2015integrating,
  title={Integrating sustainability issues into project management},
  author={S{\'a}nchez, Marisa Anal{\'\i}a},
  journal={Journal of Cleaner Production},
  volume={96},
  pages={319--330},
  year={2015},
  publisher={Elsevier}
}

@article{berssaneti2015identification,
  title={Identification of variables that impact project success in Brazilian companies},
  author={Berssaneti, Fernando Tobal and Carvalho, Marly Monteiro},
  journal={International Journal of Project Management},
  volume={33},
  number={3},
  pages={638--649},
  year={2015},
  publisher={Elsevier}
}

@article{todorovic2015project,
  title={Project success analysis framework: A knowledge-based approach in project management},
  author={Todorovi{\'c}, Marija Lj and Petrovi{\'c}, Dejan {\v{C}} and Mihi{\'c}, Marko M and Obradovi{\'c}, Vladimir Lj and Bushuyev, Sergey D},
  journal={International Journal of Project Management},
  volume={33},
  number={4},
  pages={772--783},
  year={2015},
  publisher={Elsevier}
}

@article{benitez2018impact,
  title={Impact of information technology infrastructure flexibility on mergers and acquisitions.},
  author={Benitez, Jose and Ray, Gautam and Henseler, J{\"o}rg},
  journal={MIS Quarterly},
  volume={42},
  number={1},
  year={2018}
}

@article{DBLP:journals/csi/DominguezPRZ19,
  author    = {Eladio Dom{\'{\i}}nguez and
               Beatriz P{\'{e}}rez and
               Angel Luis Rubio and
               Mar{\'{\i}}a A. Zapata},
  title     = {A taxonomy for key performance indicators management},
  journal   = {Computer Standards {\&} Interfaces},
  volume    = {64},
  pages     = {24--40},
  year      = {2019},
  url       = {https://doi.org/10.1016/j.csi.2018.12.001},
  doi       = {10.1016/j.csi.2018.12.001},
  timestamp = {Tue, 09 Apr 2019 18:22:28 +0200},
  biburl    = {https://dblp.org/rec/bib/journals/csi/DominguezPRZ19},
  bibsource = {dblp computer science bibliography, https://dblp.org}
}

@article{DBLP:journals/jeim/KucukaltanT19,
  author    = {Berk Kucukaltan and
               Y. Ilker Topcu},
  title     = {Assessment of key airline selection indicators in a strategic decision
               model},
  journal   = {J. Enterprise Inf. Management},
  volume    = {32},
  number    = {4},
  pages     = {646--667},
  year      = {2019},
  url       = {https://doi.org/10.1108/JEIM-08-2018-0178},
  doi       = {10.1108/JEIM-08-2018-0178},
  timestamp = {Tue, 20 Aug 2019 14:36:59 +0200},
  biburl    = {https://dblp.org/rec/bib/journals/jeim/KucukaltanT19},
  bibsource = {dblp computer science bibliography, https://dblp.org}
}

@proceedings{DBLP:conf/amlta/2019,
  editor    = {Aboul Ella Hassanien and
               Ahmad Taher Azar and
               Tarek Gaber and
               Roheet Bhatnagar and
               Mohamed F. Tolba},
  title     = {The International Conference on Advanced Machine Learning Technologies
               and Applications, {AMLTA} 2019, Cairo, Egypt, 28-30 March, 2919},
  series    = {Advances in Intelligent Systems and Computing},
  volume    = {921},
  publisher = {Springer},
  year      = {2020},
  url       = {https://doi.org/10.1007/978-3-030-14118-9},
  doi       = {10.1007/978-3-030-14118-9},
  isbn      = {978-3-030-14117-2},
  timestamp = {Mon, 29 Jul 2019 16:00:29 +0200},
  biburl    = {https://dblp.org/rec/bib/conf/amlta/2019},
  bibsource = {dblp computer science bibliography, https://dblp.org}
}

@inproceedings{DBLP:conf/clei/GoncalvesCP14,
  author    = {Marcelo Benites Gon{\c{c}}alves and
               Maria Istela Cagnin and
               D{\'{e}}bora Maria Barroso Paiva},
  title     = {{IAMPS:} An process to support the {MPS.BR} implementation together
               with agile methods},
  booktitle = {{XL} Latin American Computing Conference, {CLEI} 2014, Montevideo,
               Uruguay, September 15-19, 2014},
  pages     = {1--9},
  year      = {2014},
  url       = {https://doi.org/10.1109/CLEI.2014.6965151},
  doi       = {10.1109/CLEI.2014.6965151},
  timestamp = {Sun, 21 May 2017 00:18:29 +0200},
  biburl    = {https://dblp.org/rec/bib/conf/clei/GoncalvesCP14},
  bibsource = {dblp computer science bibliography, https://dblp.org}
}

@inproceedings{DBLP:conf/worldcist/BayonaBS18,
  author    = {Sussy Bayona and
               Jose Bustamante and
               Nemias Saboya},
  title     = {{PMBOK} as a Reference Model for Academic Research Management},
  booktitle = {Trends and Advances in Information Systems and Technologies - Volume
               1 [WorldCIST'18, Naples, Italy, March 27-29, 2018].},
  pages     = {863--876},
  year      = {2018},
  url       = {https://doi.org/10.1007/978-3-319-77703-0\_84},
  doi       = {10.1007/978-3-319-77703-0\_84},
  timestamp = {Wed, 14 Nov 2018 10:55:36 +0100},
  biburl    = {https://dblp.org/rec/bib/conf/worldcist/BayonaBS18},
  bibsource = {dblp computer science bibliography, https://dblp.org}
}

@inproceedings{DBLP:conf/se/JuhnkeTH18,
  author    = {Katharina Juhnke and
               Matthias Tichy and
               Frank Houdek},
  title     = {Quality Indicators for Automotive Test Case Specifications},
  booktitle = {Combined Proceedings of the Workshops of the German Software Engineering
               Conference 2018 {(SE} 2018), Ulm, Germany, March 06, 2018.},
  pages     = {96--100},
  year      = {2018},
  url       = {http://ceur-ws.org/Vol-2066/seerts2018paper02.pdf},
  timestamp = {Tue, 28 May 2019 16:23:34 +0200},
  biburl    = {https://dblp.org/rec/bib/conf/se/JuhnkeTH18},
  bibsource = {dblp computer science bibliography, https://dblp.org}
}

@article{kaplan1992balanced,
  title={The balanced scorecard: measures that drive performance},
  author={Kaplan, Robert S and Norton, David P and others},
  Journal={Harvard Business Review},
  year={1992},
  publisher={Harvard Business School Pub.}
}

@article{silva2018desempenho,
  title={Desempenho econ{\^o}mico das empresas industriais e sua capacidade de inova{\c{c}}{\~a}o: pesquisa investigativa {\`a} regi{\~a}o metropolitana de Joinville, para o per{\'\i}odo de 2012 at{\'e} 2016},
  author={Silva, Kelvin Archer da and others},
  year={2018},
  volume={8},
  number={1},
  pages={20--40},
  Journal={UFSC},
  publisher={Florian{\'o}polis, SC}
}

@inproceedings{rai2017identification,
  title={Identification of agile software risk indicators and evaluation of agile software development project risk occurrence probability},
  author={Rai, Anand Kumar and Agrawal, Shalini and Khaliq, Mazahar},
  booktitle={Proceedings of 7th International Conference on Engineering Technology, Science and Management Innovation (ICETSMI-2017)},
  pages={489--494},
  year={2017}
}

@article{heidemann2016integraccao,
  title={A integra{\c{c}}{\~a}o de atividades te{\'o}ricas e experimentais no ensino de f{\'\i}sica atrav{\'e}s de ciclos de modelagem: um estudo de caso explorat{\'o}rio no ensino superior},
  author={Heidemann, Leonardo Albuquerque and Araujo, Ives Solano and Veit, Eliane Angela},
  journal={Alexandria: Revista de Educa{\c{c}}{\~a}o em Ci{\^e}ncia e Tecnologia},
  volume={9},
  number={1},
  pages={151--178},
  year={2016}
}

@article{ferenhof2016desmistificando,
  title={Desmistificando a revis{\~a}o de literatura como base para reda{\c{c}}{\~a}o cient{\'\i}fica: m{\'e}todo SSF},
  author={Ferenhof, Helio Aisenberg and Fernandes, Roberto Fabiano},
  journal={Revista ACB},
  volume={21},
  number={3},
  pages={550--563},
  year={2016},
  publisher={Biblioteconomia em Santa Catarina Florian{\'o}polis}
}

@article{sommerville2007engenharia,
  title={Engenharia de Software, 8 edi{\c{c}}{\~a}o},
  author={Sommerville, Ian},
  journal={Pearson, Addison Wesley},
  volume={8},
  number={9},
  pages={10},
  year={2007}
}

@book{teles2017extreme,
  title={Extreme Programming: Aprenda como encantar seus usu{\'a}rios desenvolvendo software com agilidade e alta qualidade},
  author={Teles, Vin{\'\i}cius Manh{\~a}es},
  year={2017},
  publisher={Novatec Editora}
}

@book{fernandes2018requisitos,
  title={Requisitos em projetos de software e de sistemas de informa{\c{c}}{\~a}o},
  author={Fernandes, Jo{\~a}o M and Machado, Ricardo J},
  year={2018},
  publisher={Novatec Editora}
}

@book{machado2018analise,
  title={An{\'a}lise e Gest{\~a}o de Requisitos de Software--Onde nascem os sistemas},
  author={Machado, Felipe Nery Rodrigues},
  year={2018},
  publisher={Editora Saraiva}
}

@phdthesis{hotomski2019supporting,
  title={Supporting requirements and acceptance tests alignment during software evolution},
  author={Hotomski, Sofija},
  year={2019},
  school={University of Zurich}
}

@misc{liedtka2018exploring,
  title={Exploring the impact of design thinking in action},
  author={Liedtka, Jeanne},
  year={2018},
  publisher={Darden Working Paper Series}
}

@inproceedings{ferreira2019using,
  title={Using design sprint as a facilitator in active learning for students in the requirements engineering course: an experience report},
  author={Ferreira, Vin{\'\i}cius Gomes and Canedo, Edna Dias},
  booktitle={Proceedings of the 34th ACM/SIGAPP Symposium on Applied Computing},
  pages={1852--1859},
  year={2019},
  organization={ACM}
}

@article{shalbafan2018decision,
  title={Decision-making in project portfolio management: using the Cynefin framework to understand the impact of complexity},
  author={Shalbafan, Saeed and Leigh, Elyssebeth and Pollack, Julien and Sankaran, Shankar},
  journal={International Research Network on Organizing by Projects},
  year={2018},
  publisher={UTS ePRESS}
}

@book{yin2017case,
  title={Case study research and applications: Design and methods},
  author={Yin, Robert K},
  year={2017},
  publisher={Sage publications}
}

@article{ramalho2019automatizaccao,
  title={Automatiza{\c{c}}{\~a}o de indicadores utilizando software de Business Intelligence.},
  author={Ramalho, Alex Vin{\'\i}cius Oliveira},
  Journal={UFOP},
  year={2019}
}

@article{robinson2015requirements,
  title={Requirements evolution and project success: an analysis of SourceForge projects},
  author={Robinson, William and Vlas, Radu},
  Journal={AIS},
  year={2015}
}

@article{sauser2009projects,
  title={Why projects fail? How contingency theory can provide new insights--A comparative analysis of NASA’s Mars Climate Orbiter loss},
  author={Sauser, Brian J and Reilly, Richard R and Shenhar, Aaron J},
  journal={International Journal of Project Management},
  volume={27},
  number={7},
  pages={665--679},
  year={2009},
  publisher={Elsevier}
}

@article{arnold2016true,
  title={The true costs of financial sanctions},
  author={Arnold, Aaron},
  journal={Survival},
  volume={58},
  number={3},
  pages={77--100},
  year={2016},
  publisher={Routledge}
}

@article{alemanni2008key,
  title={Key performance indicators for PLM benefits evaluation: The Alcatel Alenia Space case study},
  author={Alemanni, Marco and Alessia, Grimaldi and Tornincasa, Stefano and Vezzetti, Enrico},
  journal={Computers in Industry},
  volume={59},
  number={8},
  pages={833--841},
  year={2008},
  publisher={Elsevier}
}

@article{DBLP:journals/chb/JetterER18,
  author    = {J{\'{e}}rome Jetter and
               J{\"{o}}rgen Eimecke and
               Alexandra Rese},
  title     = {Augmented reality tools for industrial applications: What are potential
               key performance indicators and who benefits?},
  journal   = {Computers in Human Behavior},
  volume    = {87},
  pages     = {18--33},
  year      = {2018},
  url       = {https://doi.org/10.1016/j.chb.2018.04.054},
  doi       = {10.1016/j.chb.2018.04.054},
  timestamp = {Thu, 26 Jul 2018 15:12:32 +0200},
  biburl    = {https://dblp.org/rec/bib/journals/chb/JetterER18},
  bibsource = {dblp computer science bibliography, https://dblp.org}
}

@article{niemann2017benefits,
  title={On the benefits of using process indicators in local sustainability monitoring: Lessons from a Dutch municipal ranking (1999--2014)},
  author={Niemann, Ludger and Hoppe, Thomas and Coenen, Frans},
  journal={Environmental policy and governance},
  volume={27},
  number={1},
  pages={28--44},
  year={2017},
  publisher={Wiley Online Library}
}

@article{de2017aplicando,
  title={Aplicando design thinking em engenharia de software: Um mapeamento sistem{\'a}tico},
  author={de Souza, Anderson Felipe Barros and Ferreira, Bruna Moraes and Conte, Tayana},
  Journal={USES Research Group},
  year={2017}
}

@article{kabiawu2016designing,
  title={Designing a Knowledge Resource to Address Bounded Rationality and Satisficing for ICT Decisions in Small Organizations},
  author={Kabiawu, Oluyomi and van Belle, Jean-Paul and Adeyeye, Michael},
  journal={The Electronic Journal of Information Systems in Developing Countries},
  volume={73},
  number={1},
  pages={1--18},
  year={2016},
  publisher={Wiley Online Library}
}

@inproceedings{DBLP:conf/ice-itmc/Al-AliP19,
  author    = {Ahmed Ghanim Al{-}Ali and
               Robert Phaal},
  title     = {Design Sprints for Roadmapping an Agile Digital Transformation},
  booktitle = {{IEEE} International Conference on Engineering, Technology and Innovation,
               {ICE/ITMC} 2019, Valbonne, France, June 17-19, 2019},
  pages     = {1--6},
  year      = {2019},
  url       = {https://doi.org/10.1109/ICE.2019.8792597},
  doi       = {10.1109/ICE.2019.8792597},
  timestamp = {Thu, 15 Aug 2019 11:01:02 +0200},
  biburl    = {https://dblp.org/rec/bib/conf/ice-itmc/Al-AliP19},
  bibsource = {dblp computer science bibliography, https://dblp.org}
}

@inproceedings{DBLP:conf/hci/AraujoSCA19,
  author    = {Carlos Magno Mendon{\c{c}}a de S{\'{a}} Ara{\'{u}}jo and
               Ivon Miranda Santos and
               Edna Dias Canedo and
               Alet{\'{e}}ia Patr{\'{\i}}cia Favacho de Ara{\'{u}}jo},
  title     = {Design Thinking Versus Design Sprint: {A} Comparative Study},
  booktitle = {{HCI} {(18)}},
  series    = {Lecture Notes in Computer Science},
  volume    = {11583},
  pages     = {291--306},
  publisher = {Springer},
  year      = {2019}
}